<record><leader>00000cas a22000007a 4500</leader><controlfield tag="001">18067124</controlfield><controlfield tag="008">880610d18771877nyudn ne      0    0eng d</controlfield><datafield ind1=" " ind2=" " tag="010"><subfield code="a">sn 88074434 </subfield></datafield><datafield ind1=" " ind2=" " tag="040"><subfield code="a">NYS</subfield><subfield code="b">eng</subfield><subfield code="c">NYS</subfield><subfield code="d">OCLCQ</subfield></datafield><datafield ind1=" " ind2=" " tag="042"><subfield code="a">msc</subfield></datafield><datafield ind1="0" ind2=" " tag="130"><subfield code="a">Daily press (Albany, N.Y.)</subfield></datafield><datafield ind1="1" ind2="0" tag="245"><subfield code="a">Daily press.</subfield></datafield><datafield ind1="3" ind2="0" tag="246"><subfield code="a">Albany daily press</subfield></datafield><datafield ind1=" " ind2=" " tag="260"><subfield code="a">Albany, N.Y. :</subfield><subfield code="b">John H. Farrell, Myron H. Rooker [and] James MacFarlane</subfield></datafield><datafield ind1=" " ind2=" " tag="300"><subfield code="a">v.</subfield></datafield><datafield ind1=" " ind2=" " tag="310"><subfield code="a">Daily (except Sunday)</subfield></datafield><datafield ind1="0" ind2=" " tag="362"><subfield code="a">Vol. 1, no. 1 (Feb. 26, 1877)-v. 1, no. 142 (Aug. 11, 1877).</subfield></datafield><datafield ind1=" " ind2="4" tag="651"><subfield code="a">Albany (N.Y.)</subfield><subfield code="v">Newspapers.</subfield></datafield><datafield ind1=" " ind2=" " tag="752"><subfield code="a">United States</subfield><subfield code="b">New York</subfield><subfield code="c">Albany</subfield><subfield code="d">Albany.</subfield></datafield><datafield ind1="0" ind2="7" tag="785"><subfield code="t">Albany Knickerbocker</subfield><subfield code="w">(DLC)sn 83030851</subfield></datafield><datafield ind1="0" ind2="7" tag="785"><subfield code="t">Daily press. And Albany Knickerbocker</subfield><subfield code="w">(DLC)sn 88074125</subfield><subfield code="w">(OCoLC)17383226</subfield></datafield><datafield ind1="1" ind2=" " tag="029"><subfield code="a">AU@</subfield><subfield code="b">000020519768</subfield></datafield></record>